@misc {DGM,
    title = {Top 10 things you need to know about the Dietary Guidelines for Americans, 2020-2025}, 
    url = {https://www.dietaryguidelines.gov/resources/2020-2025-dietary-guidelines-online-materials/top-10-things-you-need-know-about-dietary}, author = {Dietary Guidelines for Americans}
} 

 @misc {drake_2022, 
    title={Micronutrient inadequacies in the US population: An overview}, url={https://lpi.oregonstate.edu/mic/micronutrient-inadequacies/overview#US-national-dietary-surveys}, 
    journal={Linus Pauling Institute}, 
    publisher={Oregon State University}, 
    author={Drake, Victoria J.}, 
    year={2022}
} 

 @article {NHANES_2020, 
    title={Inadequacy of Immune Health Nutrients: Intakes in US Adults, the 2005–2016 NHANES}, 
    volume={12}, 
    DOI={10.3390/nu12061735}, 
    number={6}, 
    journal={Nutrients}, 
    author={Reider, Carroll A. and Chung, Ray-Yuan and Devarshi, Prasad P. and Grant, Ryan W. and Hazels Mitmesser, Susan}, 
    year={2020}, 
    pages={1735}
} 

 @misc {mozilla, 
    title={What is javascript? - learn web development: MDN}, 
    url={https://developer.mozilla.org/en-US/docs/Learn/JavaScript/First_steps/What_is_JavaScript}, 
    journal={Learn web development | MDN}, 
    author={Mozilla}
} 

 @misc{REACT, 
    title={React – a JavaScript library for building user interfaces}, 
    url={https://reactjs.org/},
} 

 @misc {react_app, 
    title={Create a new react app}, 
    url={https://reactjs.org/docs/create-a-new-react-app.html}
} 

 @misc {winsberg_2022, 
    title={Database systems with SQL}, 
    url={https://www.zybooks.com/catalog/database-systems-with-sql/}, 
    publisher={zyBooks}, 
    author={Winsberg, Paul}, 
    year={2022}
} 

 @misc{github, 
    url={https://pages.github.com/}, 
    title={GitHub Pages}, 
    publisher={GitHub}
} 

 @misc {myfitnesspal, 
    title={Myfitnesspal}, 
    url={https://www.myfitnesspal.com/}, 
    journal={MyFitnessPal}
} 

 @misc {innit, 
    title={Shopwell}, 
    url={https://www.innit.com/shopwell/}, 
    journal={Innit}, 
    publisher={Innit International SCA}
} 

 @inbook{howson_kennedy_horwitz_1998, 
    place={Washington, D.C.}, 
    title={1, Summary}, 
    booktitle={Prevention of micronutrient deficiencies tools for policymakers and public health workers}, 
    publisher={National Academy Press}, 
    author={Howson, Christopher Paul and Kennedy, Eileen T. and Horwitz, A.}, year={1998},
    url={https://www.ncbi.nlm.nih.gov/books/NBK230105/}
} 

 @misc {jsi_2016, 
    title={Dietary diversification}, 
    url={https://www.spring-nutrition.org/publications/series/understanding-anemia/options/dietary-diversification}, 
    publisher={JSI Research & Training Institute, Inc.},
    year={2016}
}

 @misc {NIH, 
    title={Dietary supplement fact sheets}, 
    url={https://ods.od.nih.gov/factsheets/list-all/}, 
    journal={NIH Office of Dietary Supplements}, 
    publisher={U.S. Department of Health and Human Services}
} 

 @misc {potassium, 
    title={Office of dietary supplements - potassium}, 
    url={https://ods.od.nih.gov/factsheets/Potassium-HealthProfessional/}, journal={NIH Office of Dietary Supplements}, 
    publisher={U.S. Department of Health and Human Services}
} 

 @misc {harvard_health_2020, 
    title={Listing of vitamins}, 
    url={https://www.health.harvard.edu/staying-healthy/listing_of_vitamins}, 
    journal={Harvard Health}, 
    year={2020}
} 

 @misc {edamam_doc, 
    title={Nutrition Analysis Api Documentation}, 
    url={https://developer.edamam.com/edamam-docs-nutrition-api}, 
    journal={Edamam}
} 

 @misc {USDA,   
    title={The new and Improved Nutrition Facts label - key changes}, url={https://www.fda.gov/media/99331/download}, 
    publisher={U.S. Food and Drug Administration}
} 

 @misc {Scandit_SDK, 
    title={Get started with Barcode Scanning - Data Capture SDK 6.15.1 documentation}, 
    url={https://docs.scandit.com/data-capture-sdk/web/get-started-barcode.html}, journal={Scandit}
}

 @misc {camarota_zeigleron, 
    title={Foreign-born population hits record 46.6 million in January 2022}, 
    url={https://cis.org/Camarota/ForeignBorn-Population-Hits-Record-466-Million-January-2022}, 
    journal={CIS.org}, 
    author={Steven A. Camarota and Karen Zeigleron}
} 

@misc{bureau_2022, 
    title={Income and poverty in the United States: 2020}, url={https://www.census.gov/library/publications/2021/demo/p60-273.html}, journal={Census.gov}, 
    publisher={United States Census Bureau}, 
    author={Bureau, US Census}, 
    year={2022}
    } 

@misc{privacy_international_2021, 
    title={An unhealthy diet of targeted ads: An investigation into how the Diet Industry Exploits Our Data}, url={https://privacyinternational.org/long-read/4603/unhealthy-diet-targeted-ads-investigation-how-diet-industry-exploits-our-data}, journal={Privacy International}, 
    year={2021}, month={Aug}
    }
